<?xml version="1.0" encoding="UTF-8"?>
<Document xmlns="urn:iso:std:iso:20022:tech:xsd:pain.008.001.02" xmlns:xsd="http://www.w3.org/2001/XMLSchema" xmlns:xsi="http://www.w3.org/2001/XMLSchema-instance">
    <CstmrDrctDbtInitn>
        <GrpHdr>
            <MsgId>23/09/2016 11:25:26 EARTH BUSINESS</MsgId>
            <CreDtTm>2016-09-23T11:25:26</CreDtTm>
            <NbOfTxs>6</NbOfTxs>
            <CtrlSum>6</CtrlSum>
            <InitgPty>
                <Nm>EARTH BUSINESS</Nm>
            </InitgPty>
        </GrpHdr>
        <PmtInf>
            <PmtInfId>REF REMISE 00001</PmtInfId>
            <PmtMtd>DD</PmtMtd>
            <NbOfTxs>4</NbOfTxs>
            <CtrlSum>4</CtrlSum>
            <PmtTpInf>
                <SvcLvl>
                <Cd>SEPA</Cd>
                </SvcLvl>
                <LclInstrm>
                    <Cd>CORE</Cd>
                </LclInstrm>
                <SeqTp>FRST</SeqTp>
            </PmtTpInf>
            <ReqdColltnDt>2016-09-23</ReqdColltnDt>
            <Cdtr>
                <Nm>EARTH BUSINESS</Nm>
            </Cdtr>
            <CdtrAcct>
                <Id>
                    <IBAN>FR7610907000401254376598893</IBAN>
                </Id>
            </CdtrAcct>
            <CdtrAgt>
                <FinInstnId>
                    <BIC>CCBPFRPPBDX</BIC>
                </FinInstnId>
            </CdtrAgt>
            <ChrgBr>SLEV</ChrgBr>
            <CdtrSchmeId>
                <Id>
                    <PrvtId>
                        <Othr>
                            <Id>FR76ZZZ09409</Id>
                            <SchmeNm>
                                <Prtry>SEPA</Prtry>
                            </SchmeNm>
                        </Othr>
                    </PrvtId>
                </Id>
            </CdtrSchmeId>
            <DrctDbtTxInf>
                <PmtId>
                    <InstrId>131190963265894060-0</InstrId>
                    <EndToEndId>REF1</EndToEndId>
                </PmtId>
                <InstdAmt Ccy="EUR">1</InstdAmt>
                <DrctDbtTx>
                    <MndtRltdInf>
                        <MndtId>RUM01</MndtId>
                        <DtOfSgntr>2015-07-03</DtOfSgntr>
                        <AmdmntInd>false</AmdmntInd>
                    </MndtRltdInf>
                </DrctDbtTx>
                <DbtrAgt>
                    <FinInstnId>
                        <BIC>AXABFRPP</BIC>
                    </FinInstnId>
                </DbtrAgt>
                <Dbtr>
                    <Nm>AUDIN JEAN PAUL</Nm>
                </Dbtr>
                <DbtrAcct>
                    <Id>
                        <IBAN>FR7612548029983411556150244</IBAN>
                    </Id>
                </DbtrAcct>
                <RmtInf>
                    <Ustrd>Motif 1</Ustrd>
                </RmtInf>
            </DrctDbtTxInf>
            <DrctDbtTxInf>
                <PmtId>
                    <InstrId>131190963266050312-1</InstrId>
                    <EndToEndId>REF 1</EndToEndId>
                </PmtId>
                <InstdAmt Ccy="EUR">1</InstdAmt>
                <DrctDbtTx>
                    <MndtRltdInf>
                        <MndtId>RUM03</MndtId>
                        <DtOfSgntr>2015-07-03</DtOfSgntr>
                    </MndtRltdInf>
                </DrctDbtTx>
                <DbtrAgt>
                    <FinInstnId>
                        <BIC>CMCIFRPP</BIC>
                    </FinInstnId>
                </DbtrAgt>
                <Dbtr>
                    <Nm>CHAUMONT ANNIE</Nm>
                </Dbtr>
                <DbtrAcct>
                    <Id>
                        <IBAN>FR7610096185880002337240145</IBAN>
                    </Id>
                </DbtrAcct>
                <RmtInf>
                    <Ustrd>Motif 1</Ustrd>
                </RmtInf>
            </DrctDbtTxInf>
            <DrctDbtTxInf>
                <PmtId>
                    <InstrId>131190963266362802-2</InstrId>
                    <EndToEndId>REF 1</EndToEndId>
                </PmtId>
                <InstdAmt Ccy="EUR">1</InstdAmt>
                <DrctDbtTx>
                    <MndtRltdInf>
                        <MndtId>REF 17-07-2015 000004</MndtId>
                        <DtOfSgntr>2015-07-08</DtOfSgntr>
                    </MndtRltdInf>
                </DrctDbtTx>
                <DbtrAgt>
                    <FinInstnId>
                        <BIC>KREDBEBB</BIC>
                    </FinInstnId>
                </DbtrAgt>
                <Dbtr>
                    <Nm>DURAND GEORGES</Nm>
                </Dbtr>
                <DbtrAcct>
                    <Id>
                        <IBAN>BE68539007547034</IBAN>
                    </Id>
                </DbtrAcct>
                <RmtInf>
                    <Ustrd>Motif 1</Ustrd>
                </RmtInf>
            </DrctDbtTxInf>
            <DrctDbtTxInf>
                <PmtId>
                    <InstrId>131190963266519053-3</InstrId>
                    <EndToEndId>REF 1</EndToEndId>
                </PmtId>
                <InstdAmt Ccy="EUR">1</InstdAmt>
                <DrctDbtTx>
                    <MndtRltdInf>
                        <MndtId>REF 17-07-2015 000006</MndtId>
                        <DtOfSgntr>2016-09-19</DtOfSgntr>
                    </MndtRltdInf>
                </DrctDbtTx>
                <DbtrAgt>
                    <FinInstnId>
                        <BIC>COBADEFF</BIC>
                    </FinInstnId>
                </DbtrAgt>
                <Dbtr>
                    <Nm>SCHIFFER CLAUDIA</Nm>
                </Dbtr>
                <DbtrAcct>
                    <Id>
                        <IBAN>DE53300400000123456700</IBAN>
                    </Id>
                </DbtrAcct>
                <RmtInf>
                    <Ustrd>Motif 1</Ustrd>
                </RmtInf>
            </DrctDbtTxInf>
        </PmtInf>
        <PmtInf>
            <PmtInfId>REF REMISE 00002</PmtInfId>
            <PmtMtd>DD</PmtMtd>
            <NbOfTxs>2</NbOfTxs>
            <CtrlSum>2</CtrlSum>
            <PmtTpInf><SvcLvl>
                <Cd>SEPA</Cd>
            </SvcLvl>
                <LclInstrm>
                    <Cd>CORE</Cd>
                </LclInstrm>
                <SeqTp>RCUR</SeqTp>
            </PmtTpInf>
            <ReqdColltnDt>2016-09-23</ReqdColltnDt>
            <Cdtr>
                <Nm>EARTH BUSINESS</Nm>
            </Cdtr>
            <CdtrAcct>
                <Id>
                    <IBAN>FR7610907000401254376598893</IBAN>
                </Id>
            </CdtrAcct>
            <CdtrAgt>
                <FinInstnId>
                    <BIC>CCBPFRPPBDX</BIC>
                </FinInstnId>
            </CdtrAgt>
            <ChrgBr>SLEV</ChrgBr>
            <CdtrSchmeId>
                <Id>
                    <PrvtId>
                        <Othr>
                            <Id>FR76ZZZ09409</Id>
                            <SchmeNm>
                                <Prtry>SEPA</Prtry>
                            </SchmeNm>
                        </Othr>
                    </PrvtId>
                </Id>
            </CdtrSchmeId>
            <DrctDbtTxInf>
                <PmtId>
                    <InstrId>131190963266519053-0</InstrId>
                    <EndToEndId>REF 1</EndToEndId>
                </PmtId>
                <InstdAmt Ccy="EUR">1</InstdAmt>
                <DrctDbtTx>
                    <MndtRltdInf>
                        <MndtId>RUM02</MndtId>
                        <DtOfSgntr>2015-07-03</DtOfSgntr>
                    </MndtRltdInf>
                </DrctDbtTx>
                <DbtrAgt>
                    <FinInstnId>
                        <BIC>AXABFRPP</BIC>
                    </FinInstnId>
                </DbtrAgt>
                <Dbtr>
                    <Nm>COLIONI JULES</Nm>
                </Dbtr>
                <DbtrAcct>
                    <Id>
                        <IBAN>FR7612548029981802873150510</IBAN>
                    </Id>
                </DbtrAcct>
                <RmtInf>
                    <Ustrd>Motif 1</Ustrd>
                </RmtInf>
            </DrctDbtTxInf>
            <DrctDbtTxInf>
                <PmtId>
                    <InstrId>131190963266675296-1</InstrId>
                    <EndToEndId>REF 1</EndToEndId>
                </PmtId>
                <InstdAmt Ccy="EUR">1</InstdAmt>
                <DrctDbtTx>
                    <MndtRltdInf>
                        <MndtId>REF 17-07-2015 000005</MndtId>
                        <DtOfSgntr>2015-07-07</DtOfSgntr>
                    </MndtRltdInf>
                </DrctDbtTx>
                <DbtrAgt>
                    <FinInstnId>
                        <BIC>CCBPFRPPDJN</BIC>
                    </FinInstnId>
                </DbtrAgt>
                <Dbtr>
                    <Nm>KARUX LAURENT</Nm>
                </Dbtr>
                <DbtrAcct>
                    <Id>
                        <IBAN>FR7610807000018472456433750</IBAN>
                    </Id>
                </DbtrAcct>
                <RmtInf>
                    <Ustrd>Motif 1</Ustrd>
                </RmtInf>
            </DrctDbtTxInf>
        </PmtInf>
    </CstmrDrctDbtInitn>
</Document>
